@online{mannedspaceflight,
  title={Extravehicular Activity Manned Space Flight},
  url={https://www.encyclopedia.com/social-sciences-and-law/economics-business-and-labor/businesses-and-occupations/extravehicular-activity-manned-space-flight},
  author={encyclopedia},
  year={2016},
  publisher={The Gale Group}
}
@report{violajones,
  title={Rapid Object Detection using a Boosted Cascade of Simple Features},
  author={Paul Viola and Michael Jones},
  year={2001},
  publisher={ieee},
  url={https://ieeexplore.ieee.org/stamp/stamp.jsp?tp=&arnumber=990517&tag=1}
}
@online{mrbasics,
  title={MR Basics 100: Getting started with Unity},
  author={microsoft},
  url={https://docs.microsoft.com/en-us/windows/mixed-reality/holograms-100},
  year={2018},
  publisher={Microsoft}
}